<?xml version="1.0" encoding="UTF-8"?><record xmlns="http://www.loc.gov/MARC21/slim" xmlns:cinclude="http://apache.org/cocoon/include/1.0" xmlns:zs="http://www.loc.gov/zing/srw/">
  <leader>02730cz  a2200361n  4500</leader>
  <controlfield tag="001">no2005095338</controlfield>
  <controlfield tag="003">DLC</controlfield>
  <controlfield tag="005">20110108075016.0</controlfield>
  <controlfield tag="008">051011n| acannaabn          |b ana     c</controlfield>
  <datafield tag="010" ind1=" " ind2=" ">
    <subfield code="a">no2005095338</subfield>
    <subfield code="z">nr 91014200 </subfield>
  </datafield>
  <datafield tag="035" ind1=" " ind2=" ">
    <subfield code="a">(OCoLC)oca06755593</subfield>
  </datafield>
  <datafield tag="040" ind1=" " ind2=" ">
    <subfield code="a">InU</subfield>
    <subfield code="b">eng</subfield>
    <subfield code="c">InU</subfield>
    <subfield code="d">InU</subfield>
    <subfield code="d">CLU</subfield>
    <subfield code="d">OCoLC</subfield>
    <subfield code="d">NNC</subfield>
    <subfield code="d">DLC</subfield>
    <subfield code="d">HkUST</subfield>
  </datafield>
  <datafield tag="110" ind1="1" ind2=" ">
    <subfield code="a">China.</subfield>
    <subfield code="b">Guo jia tong ji ju.</subfield>
    <subfield code="b">Nong cun she hui jing ji diao cha zong dui</subfield>
  </datafield>
  <datafield tag="410" ind1="1" ind2=" ">
    <subfield code="a">China.</subfield>
    <subfield code="b">国家统计局.</subfield>
    <subfield code="b">农村社会经济调查总队</subfield>
  </datafield>
  <datafield tag="410" ind1="2" ind2=" ">
    <subfield code="a">Guo jia tong ji ju nong diao zong dui (China)</subfield>
  </datafield>
  <datafield tag="410" ind1="2" ind2=" ">
    <subfield code="a">国家统计局农调总队 (China)</subfield>
  </datafield>
  <datafield tag="410" ind1="1" ind2=" ">
    <subfield code="a">China.</subfield>
    <subfield code="b">Guo jia tong ji ju.</subfield>
    <subfield code="b">Nong diao zong dui</subfield>
  </datafield>
  <datafield tag="410" ind1="1" ind2=" ">
    <subfield code="a">China.</subfield>
    <subfield code="b">国家统计局.</subfield>
    <subfield code="b">农调总队</subfield>
  </datafield>
  <datafield tag="410" ind1="2" ind2=" ">
    <subfield code="a">Guo jia tong ji ju nong cun she hui jing ji diao cha zong dui (China)</subfield>
  </datafield>
  <datafield tag="410" ind1="2" ind2=" ">
    <subfield code="a">国家统计局农村社会经济调查总队 (China)</subfield>
  </datafield>
  <datafield tag="410" ind1="2" ind2=" ">
    <subfield code="a">Guo jia tong ji ju nong cun she hui jing ji diao cha dui (China)</subfield>
  </datafield>
  <datafield tag="410" ind1="2" ind2=" ">
    <subfield code="a">国家统计局农村社会经济调查队 (China)</subfield>
  </datafield>
  <datafield tag="410" ind1="2" ind2=" ">
    <subfield code="a">Zhonghua Renmin Gongheguo guo jia tong ji ju nong diao dui</subfield>
  </datafield>
  <datafield tag="410" ind1="2" ind2=" ">
    <subfield code="a">中华人民共和国国家统计局农调队</subfield>
  </datafield>
  <datafield tag="410" ind1="2" ind2=" ">
    <subfield code="a">Rural Survey Organization National Bureau of Statistics (China)</subfield>
  </datafield>
  <datafield tag="510" ind1="1" ind2=" ">
    <subfield code="w">b</subfield>
    <subfield code="a">China.</subfield>
    <subfield code="b">Nong cun she hui jing ji diao cha si</subfield>
  </datafield>
  <datafield tag="667" ind1=" " ind2=" ">
    <subfield code="a">Machine-derived non-Latin script reference project.</subfield>
  </datafield>
  <datafield tag="667" ind1=" " ind2=" ">
    <subfield code="a">Non-Latin script references not evaluated.</subfield>
  </datafield>
  <datafield tag="670" ind1=" " ind2=" ">
    <subfield code="a">Chung-kuo nung hu hsiao fei yü chi lei, 1989:</subfield>
    <subfield code="b">t.p. (国家统计局农调总队 = Kuo chia tʻung chi chü nung tiao tsung tui) pref. (国家统计局农村社会经济调查总队 = Kuo chia tʻung chi chü nung tsʻun she hui ching chi tiao chʻa tsung tui)</subfield>
  </datafield>
  <datafield tag="670" ind1=" " ind2=" ">
    <subfield code="a">Chung-kuo nung tsʻun tʻung chi nien chien, 1994:</subfield>
    <subfield code="b">t.p. (国家统计局农村社会经济调查队 = Kuo chia tʻung chi chü nung tsʻun she hui ching chi tiao chʻa tui); 1995: t.p. (国家统计局农村社会经济调查总队 = Guo jia tong ji ju nong cun she hui jing ji diao cha zong dui)</subfield>
  </datafield>
  <datafield tag="670" ind1=" " ind2=" ">
    <subfield code="a">Lao wu jing ji yu nong min shou ru zeng zhang yan jiu, 2003:</subfield>
    <subfield code="b">t.p. (中华人民共和国国家统计局农调队 = Zhonghua Renmin Gongheguo guo jia tong ji ju nong diao dui)</subfield>
  </datafield>
  <datafield tag="670" ind1=" " ind2=" ">
    <subfield code="a">Zhongguo nong cun jing ji ... 2003:</subfield>
    <subfield code="b">t.p. (国家统计局农村社会经济调查总队 = Guo jia tong ji ju nong cun she hui jing ji diao cha zong dui; Rural Survey Organization National Bureau of Statistics)</subfield>
  </datafield>
  <datafield tag="670" ind1=" " ind2=" ">
    <subfield code="a">Zhongguo nong cun quan mian jian she xiao kang jian ce bao gao, 2004:</subfield>
    <subfield code="b">t.p. (国家统计局农村社会经济调查总队 = Guo jia tong ji ju nong cun she hui jing ji diao cha zong dui); 2005: t.p.(国家统计局农村社会经济调查司 = Guo jia tong ji ju nong cun she hui jing ji diao cha si)</subfield>
  </datafield>
</record>